<?xml version="1.0" encoding="UTF-8"?><collection xmlns="http://www.loc.gov/MARC21/slim"><record><leader>00589nam--2200193-i-4500</leader><controlfield tag="001">000007958</controlfield><controlfield tag="002">20161230</controlfield><controlfield tag="005">20161230201027</controlfield><controlfield tag="008">060222s1000------------r-----000-0-fre-d</controlfield><datafield ind1=" " ind2=" " tag="040"><subfield code="a">IFIN-HH</subfield></datafield><datafield ind1=" " ind2=" " tag="041"><subfield code="a">fre</subfield></datafield><datafield ind1=" " ind2=" " tag="080"><subfield code="a">621.039.51:539.175.2</subfield></datafield><datafield ind1="1" ind2=" " tag="100"><subfield code="a">Blaquiere, A</subfield></datafield><datafield ind1="1" ind2="0" tag="245"><subfield code="a">Theorie de la reaction de fission en chaine</subfield><subfield code="c">A. blaquiere</subfield></datafield><datafield ind1=" " ind2=" " tag="260"><subfield code="a">Saclay, France</subfield><subfield code="b">Institut National Des Sciences Et Techniques Nucleaires</subfield><subfield code="c">1962</subfield></datafield><datafield ind1=" " ind2=" " tag="300"><subfield code="a">VII + 485 P</subfield></datafield><datafield ind1=" " ind2=" " tag="490"><subfield code="a">Bibliotheque Des Sciences Et Techniques Nuclaires</subfield></datafield><datafield ind1=" " ind2=" " tag="852"><subfield code="a">18489</subfield><subfield code="c">539.17</subfield></datafield><datafield ind1=" " ind2=" " tag="CAT"><subfield code="a">Sys</subfield><subfield code="c">20120529</subfield><subfield code="h">144136</subfield></datafield></record></collection>